<?xml version="1.0" encoding="UTF-8"?><collection><record><leader>02092ntm a2200361 a 4500</leader><controlfield tag="001">002601800</controlfield><controlfield tag="003">MiAaHDL</controlfield><controlfield tag="005">20190719000000.0</controlfield><controlfield tag="006">m        d        </controlfield><controlfield tag="007">cr bn ---auaua</controlfield><controlfield tag="008">930310s1915    xx            00| | ara d</controlfield><datafield tag="035" ind1=" " ind2=" "><subfield code="a">(MiU)002601800</subfield></datafield><datafield tag="035" ind1=" " ind2=" "><subfield code="a">sdr-miu002601800</subfield></datafield><datafield tag="035" ind1=" " ind2=" "><subfield code="a">(OCoLC)34365877</subfield></datafield><datafield tag="035" ind1=" " ind2=" "><subfield code="a">(RLIN)MIUH93-A40</subfield></datafield><datafield tag="040" ind1=" " ind2=" "><subfield code="a">MiU</subfield><subfield code="c">MiU</subfield><subfield code="e">appm</subfield></datafield><datafield tag="100" ind1="1" ind2=" "><subfield code="a">Urmawī, ʻAbd al-Muʼmin ibn Yūsuf,</subfield><subfield code="d">approximately 1216-1294.</subfield></datafield><datafield tag="240" ind1="1" ind2="0"><subfield code="a">Adwār.</subfield><subfield code="k">Selections</subfield></datafield><datafield tag="245" ind1="1" ind2="0"><subfield code="a">Mukhtaṣar fī maʻrifat al-naghm wa-nisab abʻādihā wa-adwārihā wa-adwār al-īqāʻ wa-anwāʻihi ʻalá nahj yufīd al-ʻilm wa-al-ʻamal :</subfield><subfield code="k">manuscript,</subfield><subfield code="f">[1915].</subfield></datafield><datafield tag="246" ind1="3" ind2="0"><subfield code="a">Kitāb al-Adwār fī al-mūsīqá</subfield></datafield><datafield tag="260" ind1=" " ind2=" "><subfield code="c">[1915]</subfield></datafield><datafield tag="300" ind1=" " ind2=" "><subfield code="a">1</subfield><subfield code="f">v. ([67] p.) :</subfield><subfield code="b">ill. ;</subfield><subfield code="c">22 cm</subfield></datafield><datafield tag="500" ind1=" " ind2=" "><subfield code="a">Contains geometrical diagrams of lute strings and a drawing of a lute showing the sound characteristics of its body and fretboard.</subfield></datafield><datafield tag="500" ind1=" " ind2=" "><subfield code="a">Text and tables rubricated; foliation in alphabetical numbers in hand of copyist; kurrāsahs numbered 1-3.</subfield></datafield><datafield tag="500" ind1=" " ind2=" "><subfield code="a">Date in colophon: wa-yudhkar fī al-nuskhah al-aṣlīyah innahā thānī nuskhah nuqilat min nuskhah bi-khaṭṭ ʻAbd Allāh al-Sahrawardī muʼarrikhuhu bi-tārīkh awwal Jumād al-awwal sanat 727 [i.e. 25 March 1327] wa-taḥarrarat hādhihi al-nuskhah al-mubārakah fī yawm sittat Rabīʻ al-awwal sanat 1333 [i.e. 22 January 1915].</subfield></datafield><datafield tag="520" ind1=" " ind2=" "><subfield code="a">Treatise on rhythm, playing the lute, singing, and the mathematical characteristics of music; in 11 faṣls.</subfield></datafield><datafield tag="538" ind1=" " ind2=" "><subfield code="a">Mode of access: Internet.</subfield></datafield><datafield tag="541" ind1=" " ind2=" "><subfield code="d">07/--/36</subfield><subfield code="3">Manuscript</subfield><subfield code="a">McGregor Fund</subfield><subfield code="c">Purchase, 1933/34</subfield><subfield code="h">20 p.t.</subfield></datafield><datafield tag="561" ind1=" " ind2=" "><subfield code="a">Purchased in Cairo, 1933/34. Owner's mark: inside cover, manuscript notes in handwriting of Max Meyerhof.</subfield></datafield><datafield tag="650" ind1=" " ind2="0"><subfield code="a">Music, Arabic.</subfield></datafield><datafield tag="650" ind1=" " ind2="0"><subfield code="a">Manuscripts, Arabic</subfield><subfield code="z">Michigan</subfield><subfield code="z">Ann Arbor.</subfield></datafield><datafield tag="700" ind1="1" ind2=" "><subfield code="a">Meyerhof, Max,</subfield><subfield code="d">1874-1945,</subfield><subfield code="e">former owner.</subfield></datafield><datafield tag="773" ind1="0" ind2=" "><subfield code="7">unbc</subfield><subfield code="a">Tracy W. McGregor Collection of Arabic, Persian, and Turkish Mathematical and Astronomical Manuscripts.</subfield><subfield code="w">(CStRLIN)MIUH92-A20.</subfield></datafield><datafield tag="CID" ind1=" " ind2=" "><subfield code="a">002601800</subfield></datafield><datafield tag="DAT" ind1="0" ind2=" "><subfield code="a">20190719102632.0</subfield><subfield code="b">20190719000000.0</subfield></datafield><datafield tag="DAT" ind1="1" ind2=" "><subfield code="a">20190719090653.0</subfield><subfield code="b">2019-07-19T16:10:40Z</subfield></datafield><datafield tag="DAT" ind1="2" ind2=" "><subfield code="a">2015-10-10T18:00:06Z</subfield><subfield code="b">2014-03-05T21:00:03Z</subfield></datafield><datafield tag="CAT" ind1=" " ind2=" "><subfield code="a">SDR-MIU</subfield><subfield code="d">EX LIBRIS - ALEPH</subfield><subfield code="l">prepare.pl-004-008</subfield></datafield><datafield tag="FMT" ind1=" " ind2=" "><subfield code="a">BK</subfield></datafield><datafield tag="HOL" ind1=" " ind2=" "><subfield code="0">sdr-miu002601800</subfield><subfield code="a">MiU</subfield><subfield code="b">SDR</subfield><subfield code="c">MIU</subfield><subfield code="p">mdp.39015081447529</subfield><subfield code="s">MIU</subfield><subfield code="1">002601800</subfield></datafield><datafield tag="974" ind1=" " ind2=" "><subfield code="b">MIU</subfield><subfield code="c">MIU</subfield><subfield code="d">20190719</subfield><subfield code="s">lit-dlps-dc</subfield><subfield code="u">mdp.39015081447529</subfield><subfield code="y">1915</subfield><subfield code="r">pd</subfield><subfield code="q">exp</subfield></datafield></record></collection>